@INPROCEEDINGS{6412281, 
author={Alba, M.E.V. and Chua, A.N. and Lofamia, W.V.V. and Maestro, R.J.M. and Hizon, J.R.E. and Madamba, J.A.R. and Aquino, H.R.O. and Alarcon, L.P.}, 
booktitle={TENCON 2012 - 2012 IEEE Region 10 Conference}, 
title={An {A}ggressive {P}ower {O}ptimization of the {ARM9}-based core using {RAZOR}}, 
year={2012}, 
month={Nov}, 
pages={1-5}, 
keywords={circuit optimisation;integrated circuit design;low-power electronics;microprocessor chips;ARM architecture;ARM9 based core;FFT program;RAZOR;aggressive power optimization;clock frequencies;constant energy consumption;low power technique;safety margins;supply voltage;Clocks;Delay;Energy consumption;Hardware;Latches;Optimization;Pipelines;ARM architecture;RAZOR technique;energy and performance optimization;resiliency}, 
doi={10.1109/TENCON.2012.6412281}, 
ISSN={2159-3442},}



@INPROCEEDINGS{smart_wire, 
author = {A. Chua and R. J. Maestro and J. C. Jardin and K. Monisit and R. Nuestro and K. B. Fabay and B. R. Pelayo and W. V. Lofamia and J. R. Ortiz and J. A. Madamba and L. Alarcon}, 
booktitle = {2017 IEEE Custom Integrated Circuits Conference (CICC)}, 
title = {Smart-wire: A 0.5V 44uW 0$^{\circ}$C to 100$^{\circ}$C power-line energy harvesting sensor node}, 
year={2017}, 
volume={}, 
number={}, 
pages={1-4}, 
keywords={CMOS integrated circuits;analogue-digital conversion;carrier transmission on power lines;electric current measurement;electric sensing devices;energy harvesting;phase shift keying;temperature measurement;transceivers;wireless sensor networks;BPSK-modulated transceiver;CMOS implementation;SAR ADC;Smart-Wire;bit rate 30 kbit/s;current measurement;fine-grained power management;frequency 450 kHz;node-to-node powerline communication;power-line energy harvesting sensor node;self-powered power line monitoring sensor;size 1.5 m;size 65 nm;temperature 0 degC to 100 degC;temperature measurement;time-to-digital converter;voltage 0.5 V;Energy harvesting;Monitoring;Regulators;Synchronization;Temperature measurement;Temperature sensors}, 
doi={10.1109/CICC.2017.7993672}, 
ISSN={}, 
month={April}}

@INPROCEEDINGS{agri_mon, 
author={G. R. Mendez and M. A. Md Yunus and S. C. Mukhopadhyay}, 
booktitle={2012 IEEE International Instrumentation and Measurement Technology Conference Proceedings}, 
title={A WiFi based smart wireless sensor network for monitoring an agricultural environment}, 
year={2012}, 
volume={}, 
number={}, 
pages={2640-2645}, 
keywords={agricultural engineering;computerised monitoring;intelligent sensors;wireless LAN;wireless sensor networks;WSN802G module;WiFi;agricultural environment monitoring;data collection;remote monitoring system;smart WSN;smart wireless sensor network;Atmospheric measurements;Humidity;Monitoring;Soil measurements;Temperature measurement;Temperature sensors;Wireless sensor networks;802.11g;WSN802G modules;WiFi;agricultural monitoring;atmospheric pressure measurement;humidity measurment;light detection;smart sensing;soil moisture;temperature measurment;water level;wireless sensor network}, 
doi={10.1109/I2MTC.2012.6229653}, 
ISSN={1091-5281}, 
month={May},}

@INPROCEEDINGS{scavenge1, 
author={E. M. Yeatman}, 
booktitle={2007 2nd International Workshop on Advances in Sensors and Interface}, 
title={Energy scavenging for wireless sensor nodes}, 
year={2007}, 
volume={}, 
number={}, 
pages={1-4}, 
keywords={secondary cells;wireless sensor networks;energy scavenging;maintenance free power provision;motion scavenging;power sources;rechargable batteries;vibration scavenging;wireless sensor nodes;Batteries;Costs;Damping;Educational institutions;Frequency;Motion analysis;Power engineering and energy;Power generation;Vibrations;Wireless sensor networks}, 
doi={10.1109/IWASI.2007.4420014}, 
ISSN={}, 
month={June},}

@ARTICLE{struct_mon, 
author={A. B. Noel and A. Abdaoui and T. Elfouly and M. H. Ahmed and A. Badawy and M. S. Shehata}, 
journal={IEEE Communications Surveys Tutorials}, 
title={Structural Health Monitoring Using Wireless Sensor Networks: A Comprehensive Survey}, 
year={2017}, 
volume={19}, 
number={3}, 
pages={1403-1423}, 
keywords={bridges (structures);buildings (structures);condition monitoring;data handling;sensor placement;structural engineering computing;wireless sensor networks;SHM systems;WSN;bridges;damage detection;damage localization;data collection rate;data processing;high-rise buildings;installation cost reduction;maintenance cost reduction;public safety improvement;scalability;sensor placement;stadiums;structural health monitoring;structure lifespan improvement;time synchronization;wireless sensor networks;Acceleration;Accelerometers;Monitoring;Strain;Strain measurement;Temperature measurement;Wireless sensor networks;Wireless sensor networks;clustering;damage detection;energy harvesting;mobile phone sensing;scalability;sensor placement;structural health monitoring;synchronization}, 
doi={10.1109/COMST.2017.2691551}, 
ISSN={}, 
month={thirdquarter},}

@INPROCEEDINGS{energy_opt, 
author={R. Khajuria and S. Gupta}, 
booktitle={International Conference on Computing, Communication Automation}, 
title={Energy optimization and lifetime enhancement techniques in wireless sensor networks: A survey}, 
year={2015}, 
volume={}, 
number={}, 
pages={396-402}, 
keywords={access protocols;energy conservation;optimisation;routing protocols;sensor placement;telecommunication network management;telecommunication power management;wireless sensor networks;MAC protocol;WSN management;battery fed sensor node deployment;energy consumption;energy optimization;energy saving technique;energy usage maximization;routing protocol;wireless sensor network lifetime enhancement technique;Batteries;Energy consumption;Media Access Protocol;Receivers;Routing protocols;Wireless sensor networks;Energy Consumption;MAC;WSN}, 
doi={10.1109/CCAA.2015.7148408}, 
ISSN={}, 
month={May},}

@INPROCEEDINGS{transpo, 
author={X. Hu and W. Xiong and W. Li and L. Ke}, 
booktitle={2015 34th Chinese Control Conference (CCC)}, 
title={Application scenarios of wireless sensor networks for urban transportation: A survey}, 
year={2015}, 
volume={}, 
number={}, 
pages={7688-7691}, 
keywords={transportation;wireless sensor networks;ITS;WSN technologies;communication networks;intelligent transportation systems;urban transportation;wireless sensor networks;Magnetic sensors;Monitoring;Public transportation;Vehicles;Wireless sensor networks;ITS;WSN;application scenarios;urban transportation}, 
doi={10.1109/ChiCC.2015.7260860}, 
ISSN={}, 
month={July},}

@INPROCEEDINGS{scavenge, 
author={R. Khajuria and S. Gupta}, 
booktitle={International Conference on Computing, Communication Automation}, 
title={Energy optimization and lifetime enhancement techniques in wireless sensor networks: A survey}, 
year={2015}, 
volume={}, 
number={}, 
pages={396-402}, 
keywords={access protocols;energy conservation;optimisation;routing protocols;sensor placement;telecommunication network management;telecommunication power management;wireless sensor networks;MAC protocol;WSN management;battery fed sensor node deployment;energy consumption;energy optimization;energy saving technique;energy usage maximization;routing protocol;wireless sensor network lifetime enhancement technique;Batteries;Energy consumption;Media Access Protocol;Receivers;Routing protocols;Wireless sensor networks;Energy Consumption;MAC;WSN}, 
doi={10.1109/CCAA.2015.7148408}, 
ISSN={}, 
month={May},}

@INPROCEEDINGS{murmann, 
author={B. Murmann}, 
booktitle={2013 Proceedings of the ESSCIRC (ESSCIRC)}, 
title={Digitally assisted data converter design}, 
year={2013}, 
volume={}, 
number={}, 
pages={24-31}, 
keywords={CMOS digital integrated circuits;data conversion;signal processing;CMOS technologies;digital resources;digital signal processing;digitally assisted data converter design;high integration density;low energy;performance-limiting analog building blocks;CMOS integrated circuits;Calibration;Logic gates;Measurement uncertainty;Noise;Redundancy;Switches}, 
doi={10.1109/ESSCIRC.2013.6649063}, 
ISSN={1930-8833}, 
month={Sept},}

@book{Quantization, 
place={Cambridge}, 
title={Quantization noise: roundoff error in digital computation, signal processing, control, and communications}, 
publisher={Cambridge University Press}, 
author={Widrow, B. and Istvan, K.}, 
year={2008}}

@ARTICLE{rail_mon, 
author={V. J. Hodge and S. O'Keefe and M. Weeks and A. Moulds}, 
journal={IEEE Transactions on Intelligent Transportation Systems}, 
title={Wireless Sensor Networks for Condition Monitoring in the Railway Industry: A Survey}, 
year={2015}, 
volume={16}, 
number={3}, 
pages={1088-1106}, 
keywords={railway communication;wireless sensor networks;WSN;automated monitoring;condition monitoring;mobile ad hoc networking;network topologies;networking technologies;railway industry;railway infrastructure;railway networks;sensor configurations;vehicle health monitoring;wireless communication;wireless sensors network technology;Base stations;Batteries;Condition monitoring;Monitoring;Peer-to-peer computing;Rail transportation;Wireless sensor networks;Asset management;condition monitoring;decision support systems;event detection;maintenance engineering;preventive maintenance;railway engineering;wireless sensor networks (WSNs)}, 
doi={10.1109/TITS.2014.2366512}, 
ISSN={1524-9050}, 
month={June},}

@INPROCEEDINGS{0.85, 
author={H. Y. Tai and Y. S. Hu and H. W. Chen and H. S. Chen}, 
booktitle={2014 IEEE International Solid-State Circuits Conference Digest of Technical Papers (ISSCC)}, 
title={11.2 A 0.85fJ/conversion-step 10b 200kS/s subranging SAR ADC in 40nm CMOS}, 
year={2014}, 
volume={}, 
number={}, 
pages={196-197}, 
keywords={CMOS digital integrated circuits;analogue-digital conversion;comparators (circuits);digital-analogue conversion;low-power electronics;CMOS;FoM performance;aligned switching technique;analog-to-digital converters;battery life;detect-and-skip algorithm;digital circuits;energy-efficient ADC;energy-efficient capacitive-DAC switching method;healthcare electronic devices;long-term signal condition monitoring;low supply voltages;low-noise comparator;low-power comparator;majority voting technique;power consumption;size 40 nm;subranging SAR ADC;successive-approximation register architecture;wireless sensor networks;word length 10 bit;CMOS integrated circuits;Capacitors;Energy efficiency;Energy resolution;Redundancy;Signal resolution;Switches}, 
doi={10.1109/ISSCC.2014.6757397}, 
ISSN={0193-6530}, 
month={Feb},}

@article{Soliman,
author = {Mahmoud, Soliman},
year = {2015},
month = {02},
pages = {},
title = {An 8-bit, 10KS/s, 1.87$\mu$W Successive Approximation Analog to Digital Converter in 0.25$\mu$m CMOS Technology for ECG Detection Systems},
booktitle = {Circuits Systems and Signal Processing}
}

@INPROCEEDINGS{Chandrakasan, 
author={B. P. Ginsburg and A. P. Chandrakasan}, 
booktitle={2005 IEEE International Symposium on Circuits and Systems}, 
title={An energy-efficient charge recycling approach for a SAR converter with capacitive DAC}, 
year={2005}, 
volume={}, 
number={}, 
pages={184-187 Vol. 1}, 
keywords={CMOS integrated circuits;SPICE;analogue-digital conversion;capacitor switching;circuit simulation;digital-analogue conversion;0.18 micron;ADC;CMOS process;DAC capacitor array;HSPICE simulations;MSB capacitor;SAR converter;average switching energy;binary scaled sub-capacitors;capacitive DAC;capacitor switching;energy-efficient charge recycling;successive approximation register;Capacitors;Differential equations;Energy efficiency;Logic arrays;Recycling;Shift registers;Switches;Switching converters;Topology;Voltage}, 
doi={10.1109/ISCAS.2005.1464555}, 
ISSN={0271-4302}, 
month={May},}

@INPROCEEDINGS{Jeong-Sup, 
author={Jeong-Sup Lee and In-Cheol Park}, 
booktitle={2008 IEEE International Symposium on Circuits and Systems}, 
title={Capacitor array structure and switch control for energy-efficient SAR analog-to-digital converters}, 
year={2008}, 
volume={}, 
number={}, 
pages={236-239}, 
keywords={analogue-digital conversion;capacitors;synthetic aperture radar;analog-digital converters;binary weighted SAR;capacitor array structure;charge redistribution;energy-efficient SAR;splitting capacitor;switch control;Analog-digital conversion;Analytical models;Capacitance;Capacitors;Energy efficiency;Performance analysis;Power engineering and energy;Switches;Switching converters;Voltage}, 
doi={10.1109/ISCAS.2008.4541398}, 
ISSN={0271-4302}, 
month={May},}

@book{zumbahlen_2007, 
place={Norwood, MA}, 
title={Basic linear design}, 
publisher={Analog Devices}, 
author={Zumbahlen, Hank}, 
year={2007}}

@misc{understanding_data_converters,
url={http://www.ti.com/lit/an/slaa013/slaa013.pdf}, 
title={Understanding Data Converters}, 
publisher={Texas Instruments Incorporated}, 
year={1999}}

@misc{ADC_performance_param,
url={http://www.ti.com/lit/an/slaa587/slaa587.pdf}, 
title={ADC Performance Parameters - Convert the Units Correctly!}, 
publisher={Texas Instruments Incorporated}, 
year={2013}}

@book{rabuske_fernandes_2017, 
title={Charge-Sharing SAR ADCs for Low-Voltage Low-Power Applications}, 
publisher={Springer International Publishing}, 
author={Rabuske, Taimur and Fernandes, Jorge}, 
year={2017}}

@misc{basco,
author = {Basco, B.},
title = {ENOB Degradation of an 8-bit 1-Ms/s SAR ADC in 65nm CMOS under Supply Voltage Scaling},
year={2017}}

@book{razavi_2016, 
place={New York}, 
edition={2}, 
title={Design of analog CMOS integrated circuits}, 
publisher={McGraw-Hill Education}, 
author={Razavi, Behzad}, 
year={2016}}

@phdthesis{kanthi_2010, 
title={Analysis \& design of successive approximation ADC and 3.5 GHz RF transmitter in 90nm CMOS}, 
author={Kanthi, Saravanan Tirunelveli}, 
year={2010}}

@INPROCEEDINGS{Solis, 
author={C. J. Solis and G. O. Ducoudray}, 
booktitle={2010 53rd IEEE International Midwest Symposium on Circuits and Systems}, 
title={High resolution low power 0.6$\mu$m CMOS 40MHz dynamic latch comparator}, 
year={2010}, 
volume={}, 
number={}, 
pages={1045-1048}, 
keywords={CMOS integrated circuits;Monte Carlo methods;comparators (circuits);flip-flops;low-power electronics;negative resistance circuits;preamplifiers;Monte Carlo simulation;high resolution low power CMOS dynamic latch comparator;negative resistance;preamplifier;CMOS technology;Complexity theory;Latches;MOSFETs;Parasitic capacitance;Power engineering and energy;Power engineering computing;Preamplifiers;Threshold voltage;Topology}, 
doi={10.1109/MWSCAS.2010.5548824}, 
ISSN={1548-3746}, 
month={Aug},}

@INPROCEEDINGS{1627029, 
author={Zhaohui Huang and Peixin Zhong}, 
booktitle={2005 IEEE International Conference on Electro Information Technology}, 
title={An adaptive analog-to-digital converter based on low-power dynamic latch comparator}, 
year={2005}, 
volume={}, 
number={}, 
pages={6 pp.-6}, 
keywords={Analog-digital conversion;Batteries;CMOS technology;Costs;Energy consumption;Latches;Process design;Signal design;Very large scale integration;Voltage}, 
doi={10.1109/EIT.2005.1627029}, 
ISSN={2154-0357}, 
month={May},}

@book{pelgrom_2017,  
title={Analog-to-Digital Conversion}, 
publisher={Springer}, 
author={Pelgrom, Marcel J. M.}, 
year={2017}}

@book{manganaro_2012, 
place={Cambridge}, 
title={Advanced data converters}, 
publisher={Cambridge University Press}, 
author={Manganaro, Gabriele}, 
year={2012}}

@misc{Dellosa,
author = {Dellosa, D. and del Mundo, M. and Manzanares, G. and Marqueses, E. and Valverde, E. },
title = {Design of Sigma-Delta Analog-to-Digital Converters Implemented in 65nm Digital CMOS Process for LoRa},
year={2017}}

@book{cmos_design3rd, 
place={Piscataway}, 
title={CMOS Circuit Design, Layout, and Simulation 3rd Edition}, 
publisher={IEEE Press}, 
author={Baker, R. Jacob}, 
year={2010}}


@ARTICLE{multistep_cap_split, 
author={J. Lin and W. Yu and G. C. Temes}, 
journal={Electronics Letters}, 
title={Multi-step capacitor-splitting SAR ADC}, 
year={2010}, 
volume={46}, 
number={21}, 
pages={1426-1428}, 
keywords={analogue-digital conversion;capacitors;analogue-to-digital converters;capacitor-splitting capacitor arrays;multistep capacitor-splitting SAR ADC;power consumption;quantisation;successive approximation register;switching power}, 
doi={10.1049/el.2010.1713}, 
ISSN={0013-5194}, 
month={October},}


@INPROCEEDINGS{subranging_saradc, 
author={H. Y. Tai and Y. S. Hu and H. W. Chen and H. S. Chen}, 
booktitle={2014 IEEE International Solid-State Circuits Conference Digest of Technical Papers (ISSCC)}, 
title={11.2 A 0.85fJ/conversion-step 10b 200kS/s subranging SAR ADC in 40nm CMOS}, 
year={2014}, 
volume={}, 
number={}, 
pages={196-197}, 
keywords={CMOS digital integrated circuits;analogue-digital conversion;comparators (circuits);digital-analogue conversion;low-power electronics;CMOS;FoM performance;aligned switching technique;analog-to-digital converters;battery life;detect-and-skip algorithm;digital circuits;energy-efficient ADC;energy-efficient capacitive-DAC switching method;healthcare electronic devices;long-term signal condition monitoring;low supply voltages;low-noise comparator;low-power comparator;majority voting technique;power consumption;size 40 nm;subranging SAR ADC;successive-approximation register architecture;wireless sensor networks;word length 10 bit;CMOS integrated circuits;Capacitors;Energy efficiency;Energy resolution;Redundancy;Signal resolution;Switches}, 
doi={10.1109/ISSCC.2014.6757397}, 
ISSN={0193-6530}, 
month={Feb},}


@INPROCEEDINGS{two-step_junc_split,
author={W. Yu and J. Lin and G. C. Temes}, 
booktitle={Proceedings of 2010 IEEE International Symposium on Circuits and Systems}, 
title={Two-step junction-splitting SAR analog-to-digital converter}, 
year={2010}, 
volume={}, 
number={}, 
pages={1448-1451}, 
keywords={analogue-digital conversion;capacitors;capacitor area;coarse-fine quantization scheme;power consumption;successive-approximation register;two junction-split binary-weighted capacitor arrays;two-step junction-splitting SAR analog-to-digital converter;Analog-digital conversion;Capacitors;Circuits;Energy consumption;Phased arrays;Quantization;Sampling methods;Signal resolution;Switches;Voltage}, 
doi={10.1109/ISCAS.2010.5537325}, 
ISSN={0271-4302}, 
month={May},}

@INPROCEEDINGS{bootstrap, 
author={J. Steensgaard}, 
booktitle={Circuits and Systems, 1999. ISCAS '99. Proceedings of the 1999 IEEE International Symposium on}, 
title={Bootstrapped low-voltage analog switches}, 
year={1999}, 
volume={2}, 
number={}, 
pages={29-32 vol.2}, 
keywords={CMOS analogue integrated circuits;circuit feedback;compensation;electric impedance;field effect transistor switches;low-power electronics;switching circuits;HSPICE simulations;MOSFET switch element;body effect compensation;bootstrapped LV analog switches;constant-impedance analog switch circuits;constant-impedance operation;feedback loop;low-voltage analog switches;Analog circuits;Clocks;Conductivity;MOS devices;MOSFET circuits;Switches;Switching circuits;Threshold voltage;Variable structure systems;Voltage control}, 
doi={10.1109/ISCAS.1999.780611}, 
ISSN={}, 
month={Jul},}

@INPROCEEDINGS{CapMismatch,
author = {S. Haenzsche and S. Henker and R. Schuffny},
booktitle = {MIXDES 2010, 17th International Conference "Mixed Designs of Integrated Circuits and Systems"},
title = {Modelling of capacitor mismatch and non-linearity effects ini charge redistribution SAR ADCs},
year = {2010},
month = {June}
}


@thesis{olsson,
author={V. Gylling and R. Olsson},
title={Implementation of a 200 MSps 12-bit SAR ADC},
year={2015}}

@book{razavi_1995, 
place={Piscataway, NJ}, 
title={Principles of data conversion system design}, publisher={IEEE Press}, 
author={Razavi, Behzad}, 
year={1995}
} 

@article{babayan-mashhadi_daliri_lotfi_2013, 
title={Analysis of power in dynamic comparators}, DOI={10.1109/iraniancee.2013.6599853}, 
journal={2013 21st Iranian Conference on Electrical Engineering (ICEE)}, 
author={Babayan-Mashhadi, Samaneh and Daliri, Mojtaba and Lotfi, Reza}, 
year={2013}}

@article{ahmadi_namgoong_2015, 
title={Comparator Power Minimization Analysis for SAR ADC Using Multiple Comparators}, 
volume={62}, 
DOI={10.1109/tcsi.2015.2466831}, 
number={10}, 
journal={IEEE Transactions on Circuits and Systems I: Regular Papers}, 
author={Ahmadi, Muhammad and Namgoong, Won}, 
year={2015}, 
pages={2369-2379}}



@article{roozeboom_hill_hong_ahn_ng_yang_kenny_hopcroft_pruitt_2015, title={Multifunctional Integrated Sensors for Multiparameter Monitoring Applications}, 
volume={24}, 
DOI={10.1109/jmems.2014.2349894}, 
number={4}, 
journal={Journal of Microelectromechanical Systems}, 
author={Roozeboom, Clifton L. and Hill, Bridget E. and Hong, Vu Anh and Ahn, Chae Hyuck and Ng, Eldwin J. and Yang, Yushi and Kenny, Thomas W. and Hopcroft, Matthew A. and Pruitt, Beth L.}, 
year={2015}, 
pages={810-821}}

@article{kodali_mandal_2016, 
title={IoT based weather station}, 
DOI={10.1109/iccicct.2016.7988038}, 
journal={2016 International Conference on Control, Instrumentation, Communication and Computational Technologies (ICCICCT)}, 
author={Kodali, Ravi Kishore and Mandal, Snehashish}, 
year={2016}} 
